% This file was created with JabRef 2.6.
% Encoding: Cp1252

@ARTICLE{CARVALHO,
  author = {de Carvalho, Francisco De A.T. and de Souza, Renata M.C.R.},
  title = {New clustering methods for interval data},
  journal = {Computational Statistics},
  year = {2006},
}

@ARTICLE{CHAVENT,
  author = {Chavent, Marie and Carvalho, Francisco De A. T. and Lechevallier, Yves and Verde, Rosanna},
  title = {New clustering methods for interval data},
  journal = {Computational Statistics},
  year = {2006},
  volume = {21},
  pages = {211-229},
  owner = {Anderson},
  timestamp = {2010.10.20},
}

