@Article{golli:2004,
  author = {Aïcha El Golli and Brieuc Conan-Guez and Fabrice Rossi},
  journal = {Classification, Clustering, and Data},
  title = {A self-organizing map for dissimilarity data},
  url = {http://www.springerlink.com/index/RW072TJ4M131R347.pdf},
  year = {2004},
}

@article{Lechevallier:2010,
author = {Yves Lechevallier and Francisco A. T. de Carvalho and Thierry Despeyroux and Filipe M. de Melo},
journal = {Proceedings of COMPSTAT'2010},
title = {{Clustering of Multiple Dissimilarity Data Tables for Documents Categorization}},
url = {http://www-roc.inria.fr/axis/COMPSTAT2010/images/COMPSTAT10\_abstract.pdf\#page=109},
year = {2010}
}

@article{Murtagh:2010,
author = {F. Murtagh and M. Hernández-Pajares},
journal = {Journal of Classification},
title = {{The Kohonen Self-Organizing Map Method: An Assessment}},
year = {1995}
}

@article {Hubert:1985,
   author = {Lawrence Hubert and Phipps Arabie},
   title = {Comparing partitions},
   journal = {Journal of Classification},
   publisher = {Springer New York},
   keyword = {Computer Science},
   pages = {193--218},
   volume = {2},
   url = {http://dx.doi.org/10.1007/BF01908075},
   year = {1985}
}

@InCollection{Badran:2005,
author = {Fouad Badran and Méziane Yacoub and Sylvie Thiria},
title = {Self-Organizing Maps and Unsupervised Classification},
booktitle = {Neural networks: methodology and applications},
pages = {379 -- 442},
publisher = {Springer-Verlag},
year = {2005}
}

@Book{knuth:84,
  author = 	 {Donald E. Knuth},
  title = 	 {The {\TeX} Book},
  publisher = 	 {Addison-Wesley},
  year = 	 {1984},
  edition = 	 {15th}
}

@Book{Rijsbergen:1979,
  author = {Cornelis Joost van Rijsbergen},
  title = {Information Retrieval},
  publisher = {London: Butterworths},
  year = {1979},
}

@Book{Breiman:1984,
  author = {Leo Breiman and Jerome Friedman and Charles J. Stone and R.A. Olshen},
  title = {Classification and Regression Trees},
  publisher = {Chapman and Hall/CRC},
  year = {1984},
}

@InCollection{boulic:91,
  author = 	 {R. Boulic and O. Renault},
  title = 	 {3D Hierarchies for Animation},
  booktitle = 	 {New Trends in Animation and Visualization},
  publisher =    {John Wiley {\&} Sons ltd.},
  year = 	 {1991},
  editor = 	 {Nadia Magnenat-Thalmann and Daniel Thalmann}
}

@InCollection{smith:99,
  author = 	 {A. Smith and B. Jones},
  title = 	 {On the Complexity of Computing},
  booktitle = 	 {Advances in Computer Science},
  pages = 	 {555--566},
  publisher =    {Publishing Press},
  year = 	 {1999},
  editor = 	 {A. B. Smith-Jones}
}

@misc{Frank:2010 ,
author = {A. Frank and A. Asuncion},
year = {2010},
title = {UCI Machine Learning Repository},
url = {http://archive.ics.uci.edu/ml},
institution = {University of California, Irvine, School of Information and Computer Sciences} 
}
