@INCOLLECTION{Badran:2005,
  author = {Fouad Badran and M. Yacoub and Sylvie Thiria},
  title = {Self-Organizing Maps and Unsupervised Classification},
  booktitle = {Neural networks: methodology and applications},
  publisher = {Springer-Verlag},
  year = {2005},
  pages = {379--442}
}

@ARTICLE{DeCarvalho:2011,
  author = {De Carvalho, F.A.T. and Lechevallier, Y. and de Melo, F.M.},
  title = {Partitioning hard clustering algorithms based on multiple dissimilarity
	matrices},
  journal = {Pattern Recognition},
  year = {2011},
  publisher = {Elsevier},
  doi = {doi: 10.1016/j.patcog.2011.05.016}
}

@Article{Lechevallier:2010,
author = {Lechevallier, Y. and De Carvalho, F. A. T. and Despeyroux, T. and de Melo, F. M.},
title = {Clustering of Multiple Dissimilarity Data Tables for Documents Categorization},
journal = {COMPSTAT?2010 Book of Abstracts},
year = {?},
OPTkey = {?},
OPTnumber = {?},
OPTpages = {1263--1270}
}

@Article{Kaufman:1987,
author = {Kaufman, Leonard and Rousseeuw, Peter J.},
title = {Clustering by Means of Medoids},
journal = {Statistical data analysis based on the L1-norm and related methods},
year = {1987},
pages = {405--416}
}

@INCOLLECTION{Golli:2004,
  author = {AÃ¯cha Golli and Brieuc Conan-Guez and Fabrice Rossi},
  title = {A Self-Organizing Map for Dissimilarity Data},
  booktitle = {Classification, Clustering, and Data Mining Applications},
  publisher = {Springer Berlin Heidelberg},
  year = {2004},
  pages = {61--68},
  keyword = {Statistics}
}
